<record><leader>00000cas a22000007a 4500</leader><controlfield tag="001">35963358</controlfield><controlfield tag="008">961120d19041904okuwr n       0    0eng d</controlfield><datafield ind1=" " ind2=" " tag="010"><subfield code="a">sn 96093187 </subfield></datafield><datafield ind1=" " ind2=" " tag="040"><subfield code="a">OBN</subfield><subfield code="b">eng</subfield><subfield code="c">OBN</subfield><subfield code="d">OCL</subfield><subfield code="d">OCLCQ</subfield><subfield code="d">OCLCO</subfield></datafield><datafield ind1="1" ind2=" " tag="029"><subfield code="a">AU@</subfield><subfield code="b">000012971863</subfield></datafield><datafield ind1=" " ind2=" " tag="042"><subfield code="a">msc</subfield></datafield><datafield ind1=" " ind2=" " tag="043"><subfield code="a">n-us-ok</subfield></datafield><datafield ind1="0" ind2=" " tag="130"><subfield code="a">Siboney sentinel (Siboney, Okla. : 1904)</subfield></datafield><datafield ind1="1" ind2="4" tag="245"><subfield code="a">The Siboney sentinel.</subfield></datafield><datafield ind1=" " ind2=" " tag="260"><subfield code="a">Siboney, Kiowa County, Okla. :</subfield><subfield code="b">H.G. Everton</subfield></datafield><datafield ind1=" " ind2=" " tag="300"><subfield code="a">v.</subfield></datafield><datafield ind1=" " ind2=" " tag="310"><subfield code="a">Weekly</subfield></datafield><datafield ind1="0" ind2=" " tag="362"><subfield code="a">Vol. 1, no. 1 (Jan. 20, 1904)-v. 1, no. 24 (July 8, 1904).</subfield></datafield><datafield ind1=" " ind2="0" tag="651"><subfield code="a">Siboney (Okla.)</subfield><subfield code="v">Newspapers.</subfield></datafield><datafield ind1=" " ind2="0" tag="651"><subfield code="a">Tillman County (Okla.)</subfield><subfield code="v">Newspapers.</subfield></datafield><datafield ind1=" " ind2=" " tag="752"><subfield code="a">United States</subfield><subfield code="b">Oklahoma</subfield><subfield code="c">Tillman</subfield><subfield code="d">Siboney.</subfield></datafield><datafield ind1="0" ind2="0" tag="785"><subfield code="t">Mountain Park lance (Mountain Park, Okla. : 1904)</subfield><subfield code="w">(DLC)sn 96093188</subfield><subfield code="w">(OCoLC)35963396</subfield></datafield></record>